
http://www.surveysystem.com/sscalc.htm

https://www.nvm.nl/overnvm/about/marketinformation


@article{brekke2008,
  title={The behavioural economics of climate change},
  author={Brekke, Kjell Arne and Johansson-Stenman, Olof},
  journal={Oxford review of economic policy},
  volume={24},
  number={2},
  pages={280--297},
  year={2008},
  publisher={Oxford University Press}
}

@book{gigerenzer2002,
  title={Bounded rationality: The adaptive toolbox},
  author={Gigerenzer, Gerd and Selten, Reinhard},
  year={2002},
  publisher={MIT press}
}

@article{kahneman2003,
  title={Maps of bounded rationality: Psychology for behavioral economics},
  author={Kahneman, Daniel},
  journal={American economic review},
  volume={93},
  number={5},
  pages={1449--1475},
  year={2003}
}

@article{simon1955,
  title={A behavioral model of rational choice},
  author={Simon, Herbert A},
  journal={The quarterly journal of economics},
  volume={69},
  number={1},
  pages={99--118},
  year={1955},
  publisher={MIT Press}
}

@article{simon1979,
  title={Information processing models of cognition},
  author={Simon, Herbert A},
  journal={Annual review of psychology},
  volume={30},
  number={1},
  pages={363--396},
  year={1979},
  publisher={Annual Reviews 4139 El Camino Way, PO Box 10139, Palo Alto, CA 94303-0139, USA}
}

@article{steg2009,
  title={Encouraging pro-environmental behaviour: An integrative review and research agenda},
  author={Steg, Linda and Vlek, Charles},
  journal={Journal of environmental psychology},
  volume={29},
  number={3},
  pages={309--317},
  year={2009},
  publisher={Elsevier}
}

@book{camerer2004,
  title={Advances in behavioral economics},
  author={Camerer, Colin F and Loewenstein, George and Rabin, Matthew},
  year={2004},
  publisher={Princeton university press}
}

@article{klotz2010,
  title={Unintended anchors: Building rating systems and energy performance goals for US buildings},
  author={Klotz, Leidy and Mack, Daniel and Klapthor, Brent and Tunstall, Casey and Harrison, Jennilee},
  journal={Energy Policy},
  volume={38},
  number={7},
  pages={3557--3566},
  year={2010},
  publisher={Elsevier}
}

@article{klotz2011,
  title={Cognitive biases in energy decisions during the planning, design, and construction of commercial buildings in the United States: an analytical framework and research needs},
  author={Klotz, Leidy},
  journal={Energy Efficiency},
  volume={4},
  number={2},
  pages={271--284},
  year={2011},
  publisher={Springer}
}

@article{wilson2007,
  title={Models of decision making and residential energy use},
  author={Wilson, Charlie and Dowlatabadi, Hadi},
  journal={Annual review of environment and resources},
  volume={32},
  year={2007}
}

@article{schley2015,
  title={Cognitive accessibility in judgments of household energy consumption},
  author={Schley, Dan R and DeKay, Michael L},
  journal={Journal of Environmental Psychology},
  volume={43},
  pages={30--41},
  year={2015},
  publisher={Elsevier}
}

@inproceedings{taranu2016,
  title={Overview of dual process behavioural models and their implications on decision-making of private dwellers regarding deep energy renovation},
  author={Taranu, Victoria and Verbeeck, Griet},
  year={2016},
  pages={591--603},
  booktitle={WBC16 Proceedings: Volume II Environmental Opportunities and challenges Constructing Commitment and Acknowledging Human Experiences},
  organization={TUT--Tampere University of Technology}
}

@article{wilson2015,
  title={Why do homeowners renovate energy efficiently? Contrasting perspectives and implications for policy},
  author={Wilson, C and Crane, L and Chryssochoidis, George},
  journal={Energy Research \& Social Science},
  volume={7},
  pages={12--22},
  year={2015},
  publisher={Elsevier}
}

@article{hoffman2008,
  title={Overcoming the social and psychological barriers to green building},
  author={Hoffman, Andrew J and Henn, Rebecca},
  journal={Organization \& Environment},
  volume={21},
  number={4},
  pages={390--419},
  year={2008},
  publisher={Sage Publications Sage CA: Los Angeles, CA}
}

https://www.economicshelp.org/blog/glossary/nudges/

@article{anderson2010,
  title={Nudge: Improving Decisions about Health, Wealth, and Happiness, Richard H. Thaler and Cass R. Sunstein. Yale University Press, 2008. x+ 293 pages.[Paperback edition, Penguin, 2009, 320 pages.]},
  author={Anderson, Joel},
  journal={Economics \& Philosophy},
  volume={26},
  number={3},
  pages={369--376},
  year={2010},
  publisher={Cambridge University Press}
}

@article{steemers2009,
  title={Household energy consumption: a study of the role of occupants},
  author={Steemers, Koen and Yun, Geun Young},
  journal={Building Research \& Information},
  volume={37},
  number={5-6},
  pages={625--637},
  year={2009},
  publisher={Taylor \& Francis}
}


@incollection{pollitt2013role,
  title={The role of behavioural economics in energy and climate policy},
  author={Pollitt, Michael G and Shaorshadze, Irina},
  booktitle={Handbook on energy and climate change},
  year={2013},
  publisher={Edward Elgar Publishing}
}



@article{gifford2011,
  title={Message framing influences perceived climate change competence, engagement, and behavioral intentions},
  author={Gifford, Robert and Comeau, Louise A},
  journal={Global Environmental Change},
  volume={21},
  number={4},
  pages={1301--1307},
  year={2011},
  publisher={Elsevier}
}

@article{ajzen1991,
  title={The theory of planned behavior},
  author={Ajzen, Icek and others},
  journal={Organizational behavior and human decision processes},
  volume={50},
  number={2},
  pages={179--211},
  year={1991},
  publisher={San Diego}
}

@article{schwartz1977,
  title={Normative influences on altruism},
  author={Schwartz, Shalom H},
  journal={Advances in experimental social psychology},
  volume={10},
  number={1},
  pages={221--279},
  year={1977}
}

#phsycology

@article{loock2013motivating,
  title={Motivating energy-efficient behavior with green IS: an investigation of goal setting and the role of defaults},
  author={Loock, Claire-Michelle and Staake, Thorsten and Thiesse, Fr{\'e}d{\'e}ric},
  journal={MIS quarterly},
  pages={1313--1332},
  year={2013},
  publisher={JSTOR}
}

@article{brounen2013energy,
  title={Energy literacy, awareness, and conservation behavior of residential households},
  author={Brounen, Dirk and Kok, Nils and Quigley, John M},
  journal={Energy Economics},
  volume={38},
  pages={42--50},
  year={2013},
  publisher={Elsevier}
}

@article{ayres2013,
  title={Evidence from two large field experiments that peer comparison feedback can reduce residential energy usage},
  author={Ayres, Ian and Raseman, Sophie and Shih, Alice},
  journal={The Journal of Law, Economics, and Organization},
  volume={29},
  number={5},
  pages={992--1022},
  year={2013},
  publisher={Oxford University Press}
}

@article{newell2014,
  title={Nudging energy efficiency behavior: The role of information labels},
  author={Newell, Richard G and Siikam{\"a}ki, Juha},
  journal={Journal of the Association of Environmental and Resource Economists},
  volume={1},
  number={4},
  pages={555--598},
  year={2014},
  publisher={University of Chicago Press Chicago, IL}
}

@article{murray2013,
  title={What if consumers decided to all ‘go green’? Environmental rebound effects from consumption decisions},
  author={Murray, Cameron K},
  journal={Energy Policy},
  volume={54},
  pages={240--256},
  year={2013},
  publisher={Elsevier}
}

# transaction costs
@article{dietz2013,
  title={Reducing carbon-based energy consumption through changes in household behavior},
  author={Dietz, Thomas and Stern, Paul C and Weber, Elke U},
  journal={Daedalus},
  volume={142},
  number={1},
  pages={78--89},
  year={2013},
  publisher={MIT Press}
}

@article{madrian2014,
  title={Applying insights from behavioral economics to policy design},
  author={Madrian, Brigitte C},
  journal={Annu. Rev. Econ.},
  volume={6},
  number={1},
  pages={663--688},
  year={2014},
  publisher={Annual Reviews}
}


@article{gillingham2014,
  title={Bridging the energy efficiency gap: Policy insights from economic theory and empirical evidence},
  author={Gillingham, Kenneth and Palmer, Karen},
  journal={Review of Environmental Economics and Policy},
  volume={8},
  number={1},
  pages={18--38},
  year={2014},
  publisher={Oxford University Press}
}


@article{frederiks2015,
  title={Household energy use: Applying behavioural economics to understand consumer decision-making and behaviour},
  author={Frederiks, Elisha R and Stenner, Karen and Hobman, Elizabeth V},
  journal={Renewable and Sustainable Energy Reviews},
  volume={41},
  pages={1385--1394},
  year={2015},
  publisher={Elsevier}
}

@article{huijts2012,
  title={Psychological factors influencing sustainable energy technology acceptance: A review-based comprehensive framework},
  author={Huijts, Nicole MA and Molin, Eric JE and Steg, Linda},
  journal={Renewable and Sustainable Energy Reviews},
  volume={16},
  number={1},
  pages={525--531},
  year={2012},
  publisher={Elsevier}
}

@article{ajzen2008,
  title={Attitudes and the prediction of behavior},
  author={Ajzen, Icek and Cote, N Gilbert},
  journal={Attitudes and attitude change},
  pages={289--311},
  year={2008}
}

@article{hackel2017,
  title={Explaining the energy efficiency gap-expected utility theory versus cumulative prospect theory},
  author={H{\"a}ckel, Bj{\"o}rn and Pfosser, Stefan and Tr{\"a}nkler, Timm},
  journal={Energy Policy},
  volume={111},
  pages={414--426},
  year={2017},
  publisher={Elsevier}
}

@article{barberis2013,
  title={Thirty years of prospect theory in economics: A review and assessment},
  author={Barberis, Nicholas C},
  journal={Journal of Economic Perspectives},
  volume={27},
  number={1},
  pages={173--96},
  year={2013}
}


@article{mayer1995,
  title={Electricity conservation: Consumer rationality versus prospect theory},
  author={Mayer, Peter C},
  journal={Contemporary Economic Policy},
  volume={13},
  number={2},
  pages={109--118},
  year={1995},
  publisher={Wiley Online Library}
}

@article{greene2011,
  title={Uncertainty, loss aversion, and markets for energy efficiency},
  author={Greene, David L},
  journal={Energy Economics},
  volume={33},
  number={4},
  pages={608--616},
  year={2011},
  publisher={Elsevier}
}

@article{gowdy2008,
  title={Behavioral economics and climate change policy},
  author={Gowdy, John M},
  journal={Journal of Economic Behavior \& Organization},
  volume={68},
  number={3-4},
  pages={632--644},
  year={2008},
  publisher={Elsevier}
}

@article{venkatachalam2008,
  title={Behavioral economics for environmental policy},
  author={Venkatachalam, L},
  journal={Ecological economics},
  volume={67},
  number={4},
  pages={640--645},
  year={2008},
  publisher={Elsevier}
}

@article{midi2010,
  title={Collinearity diagnostics of binary logistic regression model},
  author={Midi, Habshah and Sarkar, Saroje Kumar and Rana, Sohel},
  journal={Journal of Interdisciplinary Mathematics},
  volume={13},
  number={3},
  pages={253--267},
  year={2010},
  publisher={Taylor \& Francis}
  }
  
@article{brant1990,
  title={Assessing proportionality in the proportional odds model for ordinal logistic regression},
  author={Brant, Rollin},
  journal={Biometrics},
  pages={1171--1178},
  year={1990},
  publisher={JSTOR}
  }
  

  @misc{george1884,
  author = {{george barnsdale}},
  title= {{The history of double glazing}},
  howpublished =
  {\url{https://www.georgebarnsdale.co.uk/find-inspiration/more-information/blog/the-history-of-double-glazing/}},
  year={2019}
  }
  
  
  @article{al2005,
  title={Performance characteristics and practical applications of common building thermal insulation materials},
  author={Al-Homoud, Mohammad S},
  journal={Building and environment},
  volume={40},
  number={3},
  pages={353--366},
  year={2005},
  publisher={Elsevier}
}

@misc{polreff19,
  author = {{European Bank for reconstruction and development}},
  title= {{Insulation of walls, roofs, and floors}},
  howpublished =
  {\url{http://www.polreff.org/insulation-of-walls-roof-and-floors.html}},
  year={2019}
  }
  
  @article{ebrahimi2019,
  title={Unravelling Dutch homeowners' behaviour towards energy efficiency renovations: What drives and hinders their decision-making?},
  author={Ebrahimigharehbaghi, Shima and Qian, Queena K and Meijer, Frits M and Visscher, Henk J},
  journal={Energy policy},
  volume={129},
  pages={546--561},
  year={2019},
  publisher={Elsevier}
}

@misc{wagner1992,
  title={Solar panel},
  author={Wagner, Erich and Twesme, Edward N and Hidalgo, Craig},
  year={1992},
  month=nov # "~17",
  publisher={Google Patents},
  note={US Patent 5,164,020}
}


@misc{boiler19,
  author = {{Boiler guide}},
  title= {{Energy Efficient Boilers
}},
  howpublished =
  {\url{https://www.boilerguide.co.uk/articles/energy-efficient-boiler}},
  year={2019}
  }
  
  @misc{Energy2019,
  author = {{Energy Saving Trust}},
  title= {{Boiler replacement
}},
  howpublished =
  {\url{ https://energysavingtrust.org.uk/home-energy-efficiency/boiler-replacement}},
  year={2019}
  }
  
  
@article{nair2010,
  title={Owners perception on the adoption of building envelope energy efficiency measures in Swedish detached houses},
  author={Nair, Gireesh and Gustavsson, Leif and Mahapatra, Krushna},
  journal={Applied Energy},
  volume={87},
  number={7},
  pages={2411--2419},
  year={2010},
  publisher={Elsevier}
}


@article{stieb2013,
  title={Objectives, barriers and occasions for energy efficient refurbishment by private homeowners},
  author={Stie{\ss}, Immanuel and Dunkelberg, Elisa},
  journal={Journal of Cleaner Production},
  volume={48},
  pages={250--259},
  year={2013},
  publisher={Elsevier},
}


@article{risholt2013,
  title={Success for energy efficient renovation of dwellings—Learning from private homeowners},
  author={Risholt, Birgit and Berker, Thomas},
  journal={Energy Policy},
  volume={61},
  pages={1022--1030},
  year={2013},
  publisher={Elsevier}
}


@article{mahapatra2013,
  title={Business models for full service energy renovation of single-family houses in Nordic countries},
  author={Mahapatra, Krushna and Gustavsson, Leif and Haavik, Trond and Aabrekk, Synn{\o}ve and Svendsen, Svend and Vanhoutteghem, Lies and Paiho, Satu and Ala-Juusela, Mia},
  journal={Applied energy},
  volume={112},
  pages={1558--1565},
  year={2013},
  publisher={Elsevier}
}

@article{yun2011,
  title={Behavioural, physical and socio-economic factors in household cooling energy consumption},
  author={Yun, Geun Young and Steemers, Koen},
  journal={Applied Energy},
  volume={88},
  number={6},
  pages={2191--2200},
  year={2011},
  publisher={Elsevier}
}

#optimisation

@article{xu2014energy,
  title={Energy saving alignment strategy: achieving energy efficiency in urban buildings by matching occupant temperature preferences with a building’s indoor thermal environment},
  author={Xu, Xiaoqi and Culligan, Patricia J and Taylor, John E},
  journal={Applied energy},
  volume={123},
  pages={209--219},
  year={2014},
  publisher={Elsevier}
}

#bayesian and SD

@article{bertone2018,
  title={Role of financial mechanisms for accelerating the rate of water and energy efficiency retrofits in Australian public buildings: Hybrid Bayesian Network and System Dynamics modelling approach},
  author={Bertone, Edoardo and Sahin, Oz and Stewart, Rodney A and Zou, Patrick XW and Alam, Morshed and Hampson, Keith and Blair, Evan},
  journal={Applied energy},
  volume={210},
  pages={409--419},
  year={2018},
  publisher={Elsevier}
}


@article{van2019,
  title={Variances in residential heating consumption--Importance of building characteristics and occupants analysed by movers and stayers},
  author={Van den Brom, Paula and Hansen, Anders Rhiger and Gram-Hanssen, Kirsten and Meijer, Arjen and Visscher, Henk},
  journal={Applied Energy},
  volume={250},
  pages={713--728},
  year={2019},
  publisher={Elsevier}
}

@article{huebner2015,
  title={Explaining domestic energy consumption--the comparative contribution of building factors, socio-demographics, behaviours and attitudes},
  author={Huebner, Gesche M and Hamilton, Ian and Chalabi, Zaid and Shipworth, David and Oreszczyn, Tadj},
  journal={Applied energy},
  volume={159},
  pages={589--600},
  year={2015},
  publisher={Elsevier}
}

@article{vassileva2012,
  title={Analytical comparison between electricity consumption and behavioral characteristics of Swedish households in rented apartments},
  author={Vassileva, Iana and Wallin, Fredrik and Dahlquist, Erik},
  journal={Applied Energy},
  volume={90},
  number={1},
  pages={182--188},
  year={2012},
  publisher={Elsevier}
}


#principal component analysis

@article{pothitou2016,
  title={Environmental knowledge, pro-environmental behaviour and energy savings in households: An empirical study},
  author={Pothitou, Mary and Hanna, Richard F and Chalvatzis, Konstantinos J},
  journal={Applied Energy},
  volume={184},
  pages={1217--1229},
  year={2016},
  publisher={Elsevier}
}

@article{nair2012,
  title={Implementation of energy-efficient windows in Swedish single-family houses},
  author={Nair, Gireesh and Mahapatra, Krushna and Gustavsson, Leif},
  journal={Applied energy},
  volume={89},
  number={1},
  pages={329--338},
  year={2012},
  publisher={Elsevier}
}


@article{nilsson2014,
  title={Effects of continuous feedback on households’ electricity consumption: Potentials and barriers},
  author={Nilsson, Andreas and Bergstad, Cecilia Jakobsson and Thuvander, Liane and Andersson, David and Andersson, Kristin and Meiling, P{\"a}r},
  journal={Applied Energy},
  volume={122},
  pages={17--23},
  year={2014},
  publisher={Elsevier}
}

@article{huebner2016,
  title={Understanding electricity consumption: A comparative contribution of building factors, socio-demographics, appliances, behaviours and attitudes},
  author={Huebner, Gesche and Shipworth, David and Hamilton, Ian and Chalabi, Zaid and Oreszczyn, Tadj},
  journal={Applied energy},
  volume={177},
  pages={692--702},
  year={2016},
  publisher={Elsevier}
}

@article{mahapatra2009,
  title={Influencing Swedish homeowners to adopt district heating system},
  author={Mahapatra, Krushna and Gustavsson, Leif},
  journal={Applied Energy},
  volume={86},
  number={2},
  pages={144--154},
  year={2009},
  publisher={Elsevier}
}

#good to include?
@article{mckenna2018,
  title={Assessing the implications of socioeconomic diversity for low carbon technology uptake in electrical distribution networks},
  author={McKenna, R and Djapic, P and Weinand, J and Fichtner, W and Strbac, G},
  journal={Applied Energy},
  volume={210},
  pages={856--869},
  year={2018},
  publisher={Elsevier}
}


@article{good2019,
  title={Using behavioural economic theory in modelling of demand response},
  author={Good, Nicholas},
  journal={Applied energy},
  volume={239},
  pages={107--116},
  year={2019},
  publisher={Elsevier}
}

\citep{ebrahimi2020,
title={Transaction Costs as a Barrier in the Renovation Decision-making Process: A Study of Homeowners in the Netherlands},
author={Unravelling Dutch homeowners' behaviour towards energy efficiency renovations: What drives and hinders their decision-making?},
journal={Energy and buildings},
volume={},
pages={},
year={2020},
publisher={Elsevier}
}

@misc{cbs2020,
  author = {{Netherlands statistics}},
  title= {{tock homes and non-homes; mutations, use function, region}},
  howpublished =
  {\url{ https://opendata.cbs.nl/statline/#/CBS/nl/dataset/81955ned/table?dl=31571}},
  year={2020}
  }
}

@article{van2019actual,
  title={Actual energy saving effects of thermal renovations in dwellings—longitudinal data analysis including building and occupant characteristics},
  author={van den Brom, Paula and Meijer, Arjen and Visscher, Henk},
  journal={Energy and Buildings},
  volume={182},
  pages={251--263},
  year={2019},
  publisher={Elsevier}
}

@article{guerra2010,
  title={Occupants' behaviour: determinants and effects on residential heating consumption},
  author={Guerra-Santin, Olivia and Itard, Laure},
  journal={Building Research \& Information},
  volume={38},
  number={3},
  pages={318--338},
  year={2010},
  publisher={Taylor \& Francis}
}

 @misc{evert2019,
  author = {Brouwer, Evert-Jan},
  title= {{Climate and Energy Exploration 2019: Ambitious goals give energy transition momentum, implementation appears unmanageable}},
  howpublished =
  {\url{https://www.pbl.nl/nieuws/2019/klimaat-en-energieverkenning-2019-ambitieuze-doelen-geven-energietransitie-elan-uitvoering-blijkt-weerbarstig}},
  year={2019}
  }
  

@techreport{Pbl2019,
  title={The climate agreement: effects and points of attention},
  author={{Netherlands Environmental Agency (PBL)}},
  year={2019},
  institution={Netherlands Environmental Agency}
}





 @misc{rijk2019,
  author = {{Government of the Netherlands}},
  title= {{Make existing homes gas-free
}},
  howpublished =
  {\url{https://www.rijksoverheid.nl/onderwerpen/aardgasvrije-wijken/bestaande-gebouwen-aardgasvrij-maken}},
  year={2019}
  }


@misc{rvo2019,
  author = {{Netherlands Enterprise Agency (RVO)}},
  title= {{Subsidy energy saving homeowners and tenants
}},
  howpublished =
  {\url{https://www.rijksoverheid.nl/onderwerpen/aardgasvrije-wijken/bestaande-gebouwen-aardgasvrij-maken}},
  year={2019}
  }



@misc{rvo2019a,
  author = {{Netherlands Enterprise Agency (RVO)}},
  title= {{Subsidy energy saving homeowners and tenants
}},
  howpublished =
  {\url{https://www.rijksoverheid.nl/onderwerpen/aardgasvrije-wijken/bestaande-gebouwen-aardgasvrij-maken}},
  year={2019}
  }



@misc{rvo2019b,
  author = {{Netherlands Enterprise Agency (RVO)}},
  title= {{Sustainable energy subsidy for private individuals
}},
  howpublished =
  {\url{https://www.rvo.nl/subsidie-en-financieringswijzer/isde/particulieren}},
  year={2019}
  }

https://www.cbs.nl/nl-nl/nieuws/2019/37/lagere-broeikasgasuitstoot


@misc{cbs2018,
  author = {{Statistics Netherlands}},
  title= {{Lower Greenhouse Gas Emissions
}},
  howpublished =
  {\url{https://www.cbs.nl/nl-nl/nieuws/2019/37/lagere-broeikasgasuitstoot}},
  year={2019}
  }

https://opendata.cbs.nl/statline/#/CBS/en/dataset/70946eng/table?dl=262E4


https://www.pbl.nl/sites/default/files/downloads/pbl-2019-het-klimaatakkoord-effecten-en-aandachtspunten_3806.pdf

https://www.pbl.nl/sites/default/files/downloads/pbl-2019-klimaat-en-energieverkenning-2019-3508.pdf

